
@book{CosmologyBookMukhanov,
	author = {Mukhanov},
	title = {Physical Foundations of Cosmology},
	publisher = {Cambridge University Press},
	year = {2005},
	edition = {3th}
}

@article{LatticQCD4Cosmo,
      author         = "Borsanyi, Sz. and others",
      title          = "{Calculation of the axion mass based on high-temperature
                        lattice quantum chromodynamics}",
      journal        = "Nature",
      volume         = "539",
      year           = "2016",
      number         = "7627",
      pages          = "69-71",
      doi            = "10.1038/nature20115",
      eprint         = "1606.07494",
      archivePrefix  = "arXiv",
      primaryClass   = "hep-lat",
      reportNumber   = "DESY-16-105",
      SLACcitation   = "%%CITATION = ARXIV:1606.07494;%%"
}

@article{AxionCosmoRev,
      author         = "Wantz, Olivier and Shellard, E. P. S.",
      title          = "{Axion Cosmology Revisited}",
      journal        = "Phys. Rev.",
      volume         = "D82",
      year           = "2010",
      pages          = "123508",
      doi            = "10.1103/PhysRevD.82.123508",
      eprint         = "0910.1066",
      archivePrefix  = "arXiv",
      primaryClass   = "astro-ph.CO",
      SLACcitation   = "%%CITATION = ARXIV:0910.1066;%%"
}

@article{MarshAxionCosmo,
      author         = "Marsh, David J. E.",
      title          = "{Axion Cosmology}",
      journal        = "Phys. Rept.",
      volume         = "643",
      year           = "2016",
      pages          = "1-79",
      doi            = "10.1016/j.physrep.2016.06.005",
      eprint         = "1510.07633",
      archivePrefix  = "arXiv",
      primaryClass   = "astro-ph.CO",
      reportNumber   = "KCL-PH-TH-2015-50",
      SLACcitation   = "%%CITATION = ARXIV:1510.07633;%%"
}

% TODO: not published (not for final version)
@article{AxionProd,
      author         = "Diez-Tejedor, Alberto and Marsh, David J. E.",
      title          = "{Cosmological production of ultralight dark matter
                        axions}",
      year           = "2017",
      eprint         = "1702.02116",
      archivePrefix  = "arXiv",
      primaryClass   = "hep-ph",
      SLACcitation   = "%%CITATION = ARXIV:1702.02116;%%"
}


@article{AxionSearch,
      author         = "Hlozek, Ren√©e and Grin, Daniel and Marsh, David J. E.
                        and Ferreira, Pedro G.",
      title          = "{A search for ultralight axions using precision
                        cosmological data}",
      journal        = "Phys. Rev.",
      volume         = "D91",
      year           = "2015",
      number         = "10",
      pages          = "103512",
      doi            = "10.1103/PhysRevD.91.103512",
      eprint         = "1410.2896",
      archivePrefix  = "arXiv",
      primaryClass   = "astro-ph.CO",
      SLACcitation   = "%%CITATION = ARXIV:1410.2896;%%"
}


