%Rev. Mod. Phys. 53 (1981) 43
@book{ThinkBayes,
	author = {Allen B. Downey},
	title = {Think Bayes},
	publisher = {Green Tea Press},
	year = {2012},
	edition = {Version 1.0.9}
}

%Rev. Mod. Phys. 53 (1981) 43
@book{CosmologyBookMukhanov,
	author = {Mukhanov},
	title = {Physical Foundations of Cosmology},
	publisher = {Cambridge University Press},
	year = {2005},
	edition = {3th}
}

@book{Landau,
	author = {L. D. Landau and E. M. Lifshitz},
	title = {The Classical Theory of Fields},
	publisher = {Elsevier},
	year = {1992},
	edition = {12th}
}

@book{Gravitation,
	author = {C. W. Misner, K. S. Thorne, J. A. Wheeler},
	title = {Gravitation},
	publisher = {W. H. Freeman and Company, San Francisco},
	year = {1971},
	edition = {1st}
}

@book{TheEarlyUniverseKolbAndTurner,
	author = {Kolb and Turner},
	title = {The Early Universe},
	publisher = {Addision Wealey Publishing Company},
	year = {1990},
	edition = {1th}
}


@book{Instantons,
	author = {R. Rajaraman},
	title = {Solitons and Instantons},
	publisher = {North Holland Publishing Company, Amsterdam},
	year = {1982},
	edition = {1st}
}

@book{Symmetry,
	author = {Sidney Coleman},
	title = {Aspects of symmetry},
	publisher = {Cambridge University Press},
	year = {1985},
	edition = {1st}
}

@book{Nutshell,
	author = {A. Zee},
	title = {Quantum Field Theory in a Nutshell},
	publisher = {Princeton University Press},
	year = {2003},
	edition = {1st}
}

@book{ClassicalFieldTheory,
	author = {Florian Scheck},
	title = {Classical Field Theory},
	publisher = {Springer},
	year = {2018},
	edition = {2nd}
}

@article{LatticQCD4Cosmo,
      author         = "Borsanyi, Sz. and others",
      title          = "{Calculation of the axion mass based on high-temperature
                        lattice quantum chromodynamics}",
      journal        = "Nature",
      volume         = "539",
      year           = "2016",
      number         = "7627",
      pages          = "69-71",
      doi            = "10.1038/nature20115",
      eprint         = "1606.07494",
      archivePrefix  = "arXiv",
      primaryClass   = "hep-lat",
      reportNumber   = "DESY-16-105",
      SLACcitation   = "%%CITATION = ARXIV:1606.07494;%%"
}

@article{AxionCosmoRev,
      author         = "Wantz, Olivier and Shellard, E. P. S.",
      title          = "{Axion Cosmology Revisited}",
      journal        = "Phys. Rev.",
      volume         = "D82",
      year           = "2010",
      pages          = "123508",
      doi            = "10.1103/PhysRevD.82.123508",
      eprint         = "0910.1066",
      archivePrefix  = "arXiv",
      primaryClass   = "astro-ph.CO",
      SLACcitation   = "%%CITATION = ARXIV:0910.1066;%%"
}

@article{MarshAxionCosmo,
      author         = "Marsh, David J. E.",
      title          = "{Axion Cosmology}",
      journal        = "Phys. Rept.",
      volume         = "643",
      year           = "2016",
      pages          = "1-79",
      doi            = "10.1016/j.physrep.2016.06.005",
      eprint         = "1510.07633",
      archivePrefix  = "arXiv",
      primaryClass   = "astro-ph.CO",
      reportNumber   = "KCL-PH-TH-2015-50",
      SLACcitation   = "%%CITATION = ARXIV:1510.07633;%%"
}

@article{AxionSearch,
      author         = "Hlozek, Ren√©e and Grin, Daniel and Marsh, David J. E.
                        and Ferreira, Pedro G.",
      title          = "{A search for ultralight axions using precision
                        cosmological data}",
      journal        = "Phys. Rev.",
      volume         = "D91",
      year           = "2015",
      number         = "10",
      pages          = "103512",
      doi            = "10.1103/PhysRevD.91.103512",
      eprint         = "1410.2896",
      archivePrefix  = "arXiv",
      primaryClass   = "astro-ph.CO",
      SLACcitation   = "%%CITATION = ARXIV:1410.2896;%%"
}

@article{Fox:2004kb,
      author         = "Fox, Patrick and Pierce, Aaron and Thomas, Scott D.",
      title          = "{Probing a QCD string axion with precision cosmological
                        measurements}",
      year           = "2004",
      eprint         = "hep-th/0409059",
      archivePrefix  = "arXiv",
      primaryClass   = "hep-th",
      reportNumber   = "SLAC-PUB-10030, SU-ITP-03-19, SCIPP-2003-04",
      SLACcitation   = "%%CITATION = HEP-TH/0409059;%%"
}

@article{PhysRevD.33.889,
  title = {Cosmic and local mass density of ``invisible'' axions},
  author = {Turner, Michael S.},
  journal = {Phys. Rev. D},
  volume = {33},
  issue = {4},
  pages = {889--896},
  numpages = {0},
  year = {1986},
  month = {Feb},
  publisher = {American Physical Society},
  doi = {10.1103/PhysRevD.33.889},
  url = {https://link.aps.org/doi/10.1103/PhysRevD.33.889}
}

@article{PhysRevD.45.3394,
  title = {Axions and inflation: Vacuum fluctuations},
  author = {Lyth, D. H.},
  journal = {Phys. Rev. D},
  volume = {45},
  issue = {10},
  pages = {3394--3404},
  numpages = {0},
  year = {1992},
  month = {May},
  publisher = {American Physical Society},
  doi = {10.1103/PhysRevD.45.3394},
  url = {https://link.aps.org/doi/10.1103/PhysRevD.45.3394}
}

@article{Bae:2008ue,
      author         = "Bae, Kyu Jung and Huh, Ji-Haeng and Kim, Jihn E.",
      title          = "{Update of axion CDM energy}",
      journal        = "JCAP",
      volume         = "0809",
      year           = "2008",
      pages          = "005",
      doi            = "10.1088/1475-7516/2008/09/005",
      eprint         = "0806.0497",
      archivePrefix  = "arXiv",
      primaryClass   = "hep-ph",
      SLACcitation   = "%%CITATION = ARXIV:0806.0497;%%"
}

@article{PhysRevD.80.035024,
  title = {Dark matter axions revisited},
  author = {Visinelli, Luca and Gondolo, Paolo},
  journal = {Phys. Rev. D},
  volume = {80},
  issue = {3},
  pages = {035024},
  numpages = {7},
  year = {2009},
  month = {Aug},
  publisher = {American Physical Society},
  doi = {10.1103/PhysRevD.80.035024},
  url = {https://link.aps.org/doi/10.1103/PhysRevD.80.035024}
}

@article{PDG,
  title = {Review of Particle Physics},
  author = {Tanabashi et al.},
  collaboration = {Particle Data Group},
  journal = {Phys. Rev. D},
  volume = {98},
  issue = {3},
  pages = {030001},
  numpages = {1898},
  year = {2018},
  month = {Aug},
  publisher = {American Physical Society},
  doi = {10.1103/PhysRevD.98.030001},
  url = {https://link.aps.org/doi/10.1103/PhysRevD.98.030001}
}

@article{Leutwyler:1992yt,
      author         = "Leutwyler, H. and Smilga, Andrei V.",
      title          = "{Spectrum of Dirac operator and role of winding number in
                        QCD}",
      journal        = "Phys. Rev.",
      volume         = "D46",
      year           = "1992",
      pages          = "5607-5632",
      doi            = "10.1103/PhysRevD.46.5607",
      reportNumber   = "BUTP-92-10",
      SLACcitation   = "%%CITATION = PHRVA,D46,5607;%%"
}

@article{VafaWitten,
  title = {Parity Conservation in Quantum Chromodynamics},
  author = {Vafa, Cumrun and Witten, Edward},
  journal = {Phys. Rev. Lett.},
  volume = {53},
  issue = {6},
  pages = {535--536},
  numpages = {0},
  year = {1984},
  month = {Aug},
  publisher = {American Physical Society},
  doi = {10.1103/PhysRevLett.53.535},
  url = {https://link.aps.org/doi/10.1103/PhysRevLett.53.535}
}

@article{FiniteTempQCD,
  title = {QCD and instantons at finite temperature},
  author = {Gross, David J. and Pisarski, Robert D. and Yaffe, Laurence G.},
  journal = {Rev. Mod. Phys.},
  volume = {53},
  issue = {1},
  pages = {43--80},
  numpages = {0},
  year = {1981},
  month = {Jan},
  publisher = {American Physical Society},
  doi = {10.1103/RevModPhys.53.43},
  url = {https://link.aps.org/doi/10.1103/RevModPhys.53.43}
}

@article{thooft_PhysRevD.14.3432,
  title = {Computation of the quantum effects due to a four-dimensional pseudoparticle},
  author = {'t Hooft, G.},
  journal = {Phys. Rev. D},
  volume = {14},
  issue = {12},
  pages = {3432--3450},
  numpages = {0},
  year = {1976},
  month = {Dec},
  publisher = {American Physical Society},
  doi = {10.1103/PhysRevD.14.3432},
  url = {https://link.aps.org/doi/10.1103/PhysRevD.14.3432}
}

@article{FriedmannPaper,
      author         = "Nemiroff, Robert J. and Patla, Bijunath",
      title          = "{Adventures in Friedmann Cosmology: An Educationally
                        Detailed Expansion of the Cosmological Friedmann
                        Equations}",
      journal        = "Am. J. Phys.",
      volume         = "76",
      year           = "2008",
      pages          = "265-276",
      doi            = "10.1119/1.2830536",
      eprint         = "astro-ph/0703739",
      archivePrefix  = "arXiv",
      primaryClass   = "ASTRO-PH",
      SLACcitation   = "%%CITATION = ASTRO-PH/0703739;%%"
}

@article{BulletClusterDarkMatter,
      author         = "Clowe, Douglas and Bradac, Marusa and Gonzalez, Anthony
                        H. and Markevitch, Maxim and Randall, Scott W. and Jones,
                        Christine and Zaritsky, Dennis",
      title          = "{A direct empirical proof of the existence of dark
                        matter}",
      journal        = "Astrophys. J.",
      volume         = "648",
      year           = "2006",
      pages          = "L109-L113",
      doi            = "10.1086/508162",
      eprint         = "astro-ph/0608407",
      archivePrefix  = "arXiv",
      primaryClass   = "astro-ph",
      reportNumber   = "SLAC-PUB-12078",
      SLACcitation   = "%%CITATION = ASTRO-PH/0608407;%%"
}

@article{emcee,
   author = {{Foreman-Mackey}, D. and {Hogg}, D.~W. and {Lang}, D. and {Goodman}, J.},
    title = {emcee: The MCMC Hammer},
  journal = {PASP},
     year = 2013,
   volume = 125,
    pages = {306-312},
   eprint = {1202.3665},
      doi = {10.1086/670067}
}

@Misc{scipy,
  author =    {Eric Jones and Travis Oliphant and Pearu Peterson and others},
  title =     {{SciPy}: Open source scientific tools for {Python}},
  year =      {2001--},
  url = "http://www.scipy.org/",
  note = {[Online; accessed <today>]}
}


@article{microqcd,
      author         = "Davoudiasl, Hooman and Murphy, Christopher W.",
      title          = "{Fuzzy Dark Matter from Infrared Confining Dynamics}",
      journal        = "Phys. Rev. Lett.",
      volume         = "118",
      year           = "2017",
      number         = "14",
      pages          = "141801",
      doi            = "10.1103/PhysRevLett.118.141801",
      eprint         = "1701.01136",
      archivePrefix  = "arXiv",
      primaryClass   = "hep-ph",
      SLACcitation   = "%%CITATION = ARXIV:1701.01136;%%"
}


@article{IAXOPhysics,
      author         = "Armengaud, E. and others",
      title          = "{Physics potential of the International Axion Observatory
                        (IAXO)}",
      collaboration  = "IAXO",
      journal        = "JCAP",
      volume         = "1906",
      year           = "2019",
      number         = "06",
      pages          = "047",
      doi            = "10.1088/1475-7516/2019/06/047",
      eprint         = "1904.09155",
      archivePrefix  = "arXiv",
      primaryClass   = "hep-ph",
      SLACcitation   = "%%CITATION = ARXIV:1904.09155;%%"
}

@article{SMASH,
      author         = "Ballesteros, Guillermo and Redondo, Javier and Ringwald,
                        Andreas and Tamarit, Carlos",
      title          = "{Standard Model‚Äîaxion‚Äîseesaw‚ÄîHiggs portal
                        inflation. Five problems of particle physics and cosmology
                        solved in one stroke}",
      journal        = "JCAP",
      volume         = "1708",
      year           = "2017",
      number         = "08",
      pages          = "001",
      doi            = "10.1088/1475-7516/2017/08/001",
      eprint         = "1610.01639",
      archivePrefix  = "arXiv",
      primaryClass   = "hep-ph",
      reportNumber   = "DESY-16-184, IPPP-16-79, CERN-TH-2016-055",
      SLACcitation   = "%%CITATION = ARXIV:1610.01639;%%"
}

@article{GorghettoAttractivStrings,
      author         = "Gorghetto, Marco and Hardy, Edward and Villadoro,
                        Giovanni",
      title          = "{Axions from Strings: the Attractive Solution}",
      journal        = "JHEP",
      volume         = "07",
      year           = "2018",
      pages          = "151",
      doi            = "10.1007/JHEP07(2018)151",
      eprint         = "1806.04677",
      archivePrefix  = "arXiv",
      primaryClass   = "hep-ph",
      SLACcitation   = "%%CITATION = ARXIV:1806.04677;%%"
}

@article{StringFittingYamaguchi,
      author         = "Yamaguchi, Masahide and Kawasaki, M. and Yokoyama,
                        Jun'ichi",
      title          = "{Evolution of axionic strings and spectrum of axions
                        radiated from them}",
      journal        = "Phys. Rev. Lett.",
      volume         = "82",
      year           = "1999",
      pages          = "4578-4581",
      doi            = "10.1103/PhysRevLett.82.4578",
      eprint         = "hep-ph/9811311",
      archivePrefix  = "arXiv",
      primaryClass   = "hep-ph",
      reportNumber   = "UTAP-313, YITP-98-73",
      SLACcitation   = "%%CITATION = HEP-PH/9811311;%%"
}


@article{StringFits,
      author         = "Hiramatsu, Takashi and Kawasaki, Masahiro and Saikawa,
                        Ken'ichi and Sekiguchi, Toyokazu",
      title          = "{Production of dark matter axions from collapse of
                        string-wall systems}",
      journal        = "Phys. Rev.",
      volume         = "D85",
      year           = "2012",
      pages          = "105020",
      doi            = "10.1103/PhysRevD.86.089902, 10.1103/PhysRevD.85.105020",
      note           = "[Erratum: Phys. Rev.D86,089902(2012)]",
      eprint         = "1202.5851",
      archivePrefix  = "arXiv",
      primaryClass   = "hep-ph",
      reportNumber   = "ICRR-REPORT-608-2011-25, IPMU12-0025, YITP-12-9",
      SLACcitation   = "%%CITATION = ARXIV:1202.5851;%%"
}





@article{Kibble:1976sj,
      author         = "Kibble, T. W. B.",
      title          = "{Topology of Cosmic Domains and Strings}",
      journal        = "J. Phys.",
      volume         = "A9",
      year           = "1976",
      pages          = "1387-1398",
      doi            = "10.1088/0305-4470/9/8/029",
      reportNumber   = "ICTP/75/5",
      SLACcitation   = "%%CITATION = JPAGA,A9,1387;%%"
}


@article{PQ1,
      author         = "Peccei, R. D. and Quinn, Helen R.",
      title          = "{Constraints Imposed by CP Conservation in the Presence
                        of Instantons}",
      journal        = "Phys. Rev.",
      volume         = "D16",
      year           = "1977",
      pages          = "1791-1797",
      doi            = "10.1103/PhysRevD.16.1791",
      reportNumber   = "ITP-572-STANFORD",
      SLACcitation   = "%%CITATION = PHRVA,D16,1791;%%"
}

@article{PQ2,
      author         = "Peccei, R. D. and Quinn, Helen R.",
      title          = "{CP Conservation in the Presence of Instantons}",
      journal        = "Phys. Rev. Lett.",
      volume         = "38",
      year           = "1977",
      pages          = "1440-1443",
      doi            = "10.1103/PhysRevLett.38.1440",
      note           = "[,328(1977)]",
      reportNumber   = "ITP-568-STANFORD",
      SLACcitation   = "%%CITATION = PRLTA,38,1440;%%"
}

@article{Weinberg:1977ma,
      author         = "Weinberg, Steven",
      title          = "{A New Light Boson?}",
      journal        = "Phys. Rev. Lett.",
      volume         = "40",
      year           = "1978",
      pages          = "223-226",
      doi            = "10.1103/PhysRevLett.40.223",
      reportNumber   = "HUTP-77/A074",
      SLACcitation   = "%%CITATION = PRLTA,40,223;%%"
}

@article{Wilczek:1977pj,
      author         = "Wilczek, Frank",
      title          = "{Problem of Strong  $P$  and  $T$  Invariance in the
                        Presence of Instantons}",
      journal        = "Phys. Rev. Lett.",
      volume         = "40",
      year           = "1978",
      pages          = "279-282",
      doi            = "10.1103/PhysRevLett.40.279",
      reportNumber   = "Print-77-0939 (COLUMBIA)",
      SLACcitation   = "%%CITATION = PRLTA,40,279;%%"
}

@article{ARIADNE,
      author         = "Geraci, A. A. and others",
      title          = "{Progress on the ARIADNE axion experiment}",
      booktitle      = "{Proceedings, 2nd Workshop on Microwave Cavities and
                        Detectors for Axion Research: Livermore, California, USA,
                        January 10-13, 2017}",
      collaboration  = "ARIADNE",
      journal        = "Springer Proc. Phys.",
      volume         = "211",
      year           = "2018",
      pages          = "151-161",
      doi            = "10.1007/978-3-319-92726-8_18",
      eprint         = "1710.05413",
      archivePrefix  = "arXiv",
      primaryClass   = "astro-ph.IM",
      SLACcitation   = "%%CITATION = ARXIV:1710.05413;%%"
}

@inproceedings{MADMAX,
      author         = "Majorovits, B√©la and Redondo, Javier",
      title          = "{MADMAX: A new Dark Matter Axion Search using a
                        Dielectric Haloscope}",
      booktitle      = "{Proceedings, 12th Patras Workshop on Axions, WIMPs and
                        WISPs (PATRAS 2016): Jeju Island, South Korea, June 20-24,
                        2016}",
      collaboration  = "MADMAX Working Group",
      year           = "2017",
      pages          = "94-97",
      doi            = "10.3204/DESY-PROC-2009-03/Majorovits_Bela",
      eprint         = "1611.04549",
      archivePrefix  = "arXiv",
      primaryClass   = "astro-ph.IM",
      SLACcitation   = "%%CITATION = ARXIV:1611.04549;%%"
}



%%% contains utf-8, see: https://inspirehep.net/info/faq/general#utf8
%%% add \usepackage[utf8]{inputenc} to your latex preamble

@article{TOORAD,
      author         = "Marsh, David J. E. and Fong, Kin-Chung and Lentz, Erik W.
                        and Smejkal, Libo≈ô and Ali, Mazhar N.",
      title          = "{A Proposal to Detect Dark Matter Using Axionic
                        Topological Antiferromagnets}",
      year           = "2018",
      eprint         = "1807.08810",
      archivePrefix  = "arXiv",
      primaryClass   = "hep-ph",
      SLACcitation   = "%%CITATION = ARXIV:1807.08810;%%"
}

@article{Planck,
      author         = "Aghanim, N. and others",
      title          = "{Planck 2018 results. VI. Cosmological parameters}",
      collaboration  = "Planck",
      year           = "2018",
      eprint         = "1807.06209",
      archivePrefix  = "arXiv",
      primaryClass   = "astro-ph.CO",
      SLACcitation   = "%%CITATION = ARXIV:1807.06209;%%"
}

@article{FuzzyDarkMatter,
      author         = "Hu, Wayne and Barkana, Rennan and Gruzinov, Andrei",
      title          = "{Cold and fuzzy dark matter}",
      journal        = "Phys. Rev. Lett.",
      volume         = "85",
      year           = "2000",
      pages          = "1158-1161",
      doi            = "10.1103/PhysRevLett.85.1158",
      eprint         = "astro-ph/0003365",
      archivePrefix  = "arXiv",
      primaryClass   = "astro-ph",
      SLACcitation   = "%%CITATION = ASTRO-PH/0003365;%%"
}

@article{GambitAxionHoof,
      author         = "Hoof, Sebastian and Kahlhoefer, Felix and Scott, Pat and
                        Weniger, Christoph and White, Martin",
      title          = "{Axion global fits with Peccei-Quinn symmetry breaking
                        before inflation using GAMBIT}",
      journal        = "JHEP",
      volume         = "03",
      year           = "2019",
      pages          = "191",
      doi            = "10.1007/JHEP03(2019)191",
      eprint         = "1810.07192",
      archivePrefix  = "arXiv",
      primaryClass   = "hep-ph",
      SLACcitation   = "%%CITATION = ARXIV:1810.07192;%%"
}









