%Rev. Mod. Phys. 53 (1981) 43
@book{CosmologyBookMukhanov,
	author = {Mukhanov},
	title = {Physical Foundations of Cosmology},
	publisher = {Cambridge University Press},
	year = {2005},
	edition = {3th}
}

@book{Landau,
	author = {L. D. Landau and E. M. Lifshitz},
	title = {The Classical Theory of Fields},
	publisher = {Elsevier},
	year = {1992},
	edition = {12th}
}

@book{Gravitation,
	author = {C. W. Misner, K. S. Thorne, J. A. Wheeler},
	title = {Gravitation},
	publisher = {W. H. Freeman and Company, San Francisco},
	year = {1971},
	edition = {1st}
}

@book{TheEarlyUniverseKolbAndTurner,
	author = {Kolb and Turner},
	title = {The Early Universe},
	publisher = {Addision Wealey Publishing Company},
	year = {1990},
	edition = {1th}
}


@book{Instantons,
	author = {R. Rajaraman},
	title = {Solitons and Instantons},
	publisher = {North Holland Publishing Company, Amsterdam},
	year = {1982},
	edition = {1st}
}

@book{Symmetry,
	author = {Sidney Coleman},
	title = {Aspects of symmetry},
	publisher = {Cambridge University Press},
	year = {1985},
	edition = {1st}
}

@book{Nutshell,
	author = {A. Zee},
	title = {Quantum Field Theory in a Nutshell},
	publisher = {Princeton University Press},
	year = {2003},
	edition = {1st}
}

@book{ClassicalFieldTheory,
	author = {Florian Scheck},
	title = {Classical Field Theory},
	publisher = {Springer},
	year = {2018},
	edition = {2nd}
}

@article{LatticQCD4Cosmo,
      author         = "Borsanyi, Sz. and others",
      title          = "{Calculation of the axion mass based on high-temperature
                        lattice quantum chromodynamics}",
      journal        = "Nature",
      volume         = "539",
      year           = "2016",
      number         = "7627",
      pages          = "69-71",
      doi            = "10.1038/nature20115",
      eprint         = "1606.07494",
      archivePrefix  = "arXiv",
      primaryClass   = "hep-lat",
      reportNumber   = "DESY-16-105",
      SLACcitation   = "%%CITATION = ARXIV:1606.07494;%%"
}

@article{AxionCosmoRev,
      author         = "Wantz, Olivier and Shellard, E. P. S.",
      title          = "{Axion Cosmology Revisited}",
      journal        = "Phys. Rev.",
      volume         = "D82",
      year           = "2010",
      pages          = "123508",
      doi            = "10.1103/PhysRevD.82.123508",
      eprint         = "0910.1066",
      archivePrefix  = "arXiv",
      primaryClass   = "astro-ph.CO",
      SLACcitation   = "%%CITATION = ARXIV:0910.1066;%%"
}

@article{MarshAxionCosmo,
      author         = "Marsh, David J. E.",
      title          = "{Axion Cosmology}",
      journal        = "Phys. Rept.",
      volume         = "643",
      year           = "2016",
      pages          = "1-79",
      doi            = "10.1016/j.physrep.2016.06.005",
      eprint         = "1510.07633",
      archivePrefix  = "arXiv",
      primaryClass   = "astro-ph.CO",
      reportNumber   = "KCL-PH-TH-2015-50",
      SLACcitation   = "%%CITATION = ARXIV:1510.07633;%%"
}

@article{AxionSearch,
      author         = "Hlozek, Ren√©e and Grin, Daniel and Marsh, David J. E.
                        and Ferreira, Pedro G.",
      title          = "{A search for ultralight axions using precision
                        cosmological data}",
      journal        = "Phys. Rev.",
      volume         = "D91",
      year           = "2015",
      number         = "10",
      pages          = "103512",
      doi            = "10.1103/PhysRevD.91.103512",
      eprint         = "1410.2896",
      archivePrefix  = "arXiv",
      primaryClass   = "astro-ph.CO",
      SLACcitation   = "%%CITATION = ARXIV:1410.2896;%%"
}

@article{Fox:2004kb,
      author         = "Fox, Patrick and Pierce, Aaron and Thomas, Scott D.",
      title          = "{Probing a QCD string axion with precision cosmological
                        measurements}",
      year           = "2004",
      eprint         = "hep-th/0409059",
      archivePrefix  = "arXiv",
      primaryClass   = "hep-th",
      reportNumber   = "SLAC-PUB-10030, SU-ITP-03-19, SCIPP-2003-04",
      SLACcitation   = "%%CITATION = HEP-TH/0409059;%%"
}

@article{PhysRevD.33.889,
  title = {Cosmic and local mass density of ``invisible'' axions},
  author = {Turner, Michael S.},
  journal = {Phys. Rev. D},
  volume = {33},
  issue = {4},
  pages = {889--896},
  numpages = {0},
  year = {1986},
  month = {Feb},
  publisher = {American Physical Society},
  doi = {10.1103/PhysRevD.33.889},
  url = {https://link.aps.org/doi/10.1103/PhysRevD.33.889}
}

@article{PhysRevD.45.3394,
  title = {Axions and inflation: Vacuum fluctuations},
  author = {Lyth, D. H.},
  journal = {Phys. Rev. D},
  volume = {45},
  issue = {10},
  pages = {3394--3404},
  numpages = {0},
  year = {1992},
  month = {May},
  publisher = {American Physical Society},
  doi = {10.1103/PhysRevD.45.3394},
  url = {https://link.aps.org/doi/10.1103/PhysRevD.45.3394}
}

@article{Bae:2008ue,
      author         = "Bae, Kyu Jung and Huh, Ji-Haeng and Kim, Jihn E.",
      title          = "{Update of axion CDM energy}",
      journal        = "JCAP",
      volume         = "0809",
      year           = "2008",
      pages          = "005",
      doi            = "10.1088/1475-7516/2008/09/005",
      eprint         = "0806.0497",
      archivePrefix  = "arXiv",
      primaryClass   = "hep-ph",
      SLACcitation   = "%%CITATION = ARXIV:0806.0497;%%"
}

@article{PhysRevD.80.035024,
  title = {Dark matter axions revisited},
  author = {Visinelli, Luca and Gondolo, Paolo},
  journal = {Phys. Rev. D},
  volume = {80},
  issue = {3},
  pages = {035024},
  numpages = {7},
  year = {2009},
  month = {Aug},
  publisher = {American Physical Society},
  doi = {10.1103/PhysRevD.80.035024},
  url = {https://link.aps.org/doi/10.1103/PhysRevD.80.035024}
}

@article{PDG,
  title = {Review of Particle Physics},
  author = {Tanabashi et al.},
  collaboration = {Particle Data Group},
  journal = {Phys. Rev. D},
  volume = {98},
  issue = {3},
  pages = {030001},
  numpages = {1898},
  year = {2018},
  month = {Aug},
  publisher = {American Physical Society},
  doi = {10.1103/PhysRevD.98.030001},
  url = {https://link.aps.org/doi/10.1103/PhysRevD.98.030001}
}

@article{Leutwyler:1992yt,
      author         = "Leutwyler, H. and Smilga, Andrei V.",
      title          = "{Spectrum of Dirac operator and role of winding number in
                        QCD}",
      journal        = "Phys. Rev.",
      volume         = "D46",
      year           = "1992",
      pages          = "5607-5632",
      doi            = "10.1103/PhysRevD.46.5607",
      reportNumber   = "BUTP-92-10",
      SLACcitation   = "%%CITATION = PHRVA,D46,5607;%%"
}

@article{VafaWitten,
  title = {Parity Conservation in Quantum Chromodynamics},
  author = {Vafa, Cumrun and Witten, Edward},
  journal = {Phys. Rev. Lett.},
  volume = {53},
  issue = {6},
  pages = {535--536},
  numpages = {0},
  year = {1984},
  month = {Aug},
  publisher = {American Physical Society},
  doi = {10.1103/PhysRevLett.53.535},
  url = {https://link.aps.org/doi/10.1103/PhysRevLett.53.535}
}

@article{FiniteTempQCD,
  title = {QCD and instantons at finite temperature},
  author = {Gross, David J. and Pisarski, Robert D. and Yaffe, Laurence G.},
  journal = {Rev. Mod. Phys.},
  volume = {53},
  issue = {1},
  pages = {43--80},
  numpages = {0},
  year = {1981},
  month = {Jan},
  publisher = {American Physical Society},
  doi = {10.1103/RevModPhys.53.43},
  url = {https://link.aps.org/doi/10.1103/RevModPhys.53.43}
}

@article{thooft_PhysRevD.14.3432,
  title = {Computation of the quantum effects due to a four-dimensional pseudoparticle},
  author = {'t Hooft, G.},
  journal = {Phys. Rev. D},
  volume = {14},
  issue = {12},
  pages = {3432--3450},
  numpages = {0},
  year = {1976},
  month = {Dec},
  publisher = {American Physical Society},
  doi = {10.1103/PhysRevD.14.3432},
  url = {https://link.aps.org/doi/10.1103/PhysRevD.14.3432}
}

@article{FriedmannPaper,
      author         = "Nemiroff, Robert J. and Patla, Bijunath",
      title          = "{Adventures in Friedmann Cosmology: An Educationally
                        Detailed Expansion of the Cosmological Friedmann
                        Equations}",
      journal        = "Am. J. Phys.",
      volume         = "76",
      year           = "2008",
      pages          = "265-276",
      doi            = "10.1119/1.2830536",
      eprint         = "astro-ph/0703739",
      archivePrefix  = "arXiv",
      primaryClass   = "ASTRO-PH",
      SLACcitation   = "%%CITATION = ASTRO-PH/0703739;%%"
}
